%% This BibTeX bibliography file was created using BibDesk.
%% http://bibdesk.sourceforge.net/


%% Created for Will Jones at 2016-04-22 18:43:21 -0700 


%% Saved with string encoding Unicode (UTF-8) 



@book{little1987,
	Author = {Roderick J.A. Little and Donald B. Rubin},
	Date-Added = {2016-04-23 01:40:51 +0000},
	Date-Modified = {2016-04-23 01:42:26 +0000},
	Publisher = {John Wiley \& Sons},
	Title = {Statistical Analysis with Missing Data},
	Year = {1987}}

@article{ibrahim1996,
	Author = {Joseph G. Ibrahim and Stuart R. Lipsitz},
	Date-Added = {2016-04-18 04:20:11 +0000},
	Date-Modified = {2016-04-18 04:21:45 +0000},
	Journal = {Biometrics},
	Month = {September},
	Number = {3},
	Pages = {1071-1078},
	Title = {Parameter Estimation from Incomplete Data in Binomial Regression When the Missing Mechanism is Nonignorable},
	Volume = {52},
	Year = {1996}}

@book{wood2006,
	Author = {Simon Wood},
	Date-Added = {2016-04-16 04:33:22 +0000},
	Date-Modified = {2016-04-16 04:33:53 +0000},
	Publisher = {CRC press},
	Title = {Generalized additive models: an introduction with R},
	Year = {2006}}

@webpage{cosmasplines,
	Author = {Cosma Shalizi},
	Date-Added = {2016-04-16 04:29:49 +0000},
	Date-Modified = {2016-04-16 04:30:50 +0000},
	Lastchecked = {April 15, 2016},
	Month = {February},
	Title = {Splines},
	Url = {http://www.stat.cmu.edu/~cshalizi/uADA/13/lectures/ch08.pdf},
	Year = {2013},
	Bdsk-Url-1 = {http://www.stat.cmu.edu/~cshalizi/uADA/13/lectures/ch08.pdf}}

@webpage{cosmaadditive,
	Author = {Cosma Shalizi},
	Date-Added = {2016-04-16 04:26:13 +0000},
	Date-Modified = {2016-04-16 04:29:30 +0000},
	Month = {February},
	Title = {Additive Models},
	Url = {http://www.stat.cmu.edu/~cshalizi/uADA/13/lectures/ch09.pdf},
	Year = {2013},
	Bdsk-Url-1 = {http://www.stat.cmu.edu/~cshalizi/uADA/13/lectures/ch09.pdf}}

@article{bafumi2006,
	Author = {Bafumi, Joseph and Gelman, Andrew},
	Date-Added = {2016-03-07 23:11:54 +0000},
	Date-Modified = {2016-03-07 23:13:28 +0000},
	Journal = {Available at SSRN 1010095},
	Title = {Fitting multilevel models when predictors and group effects correlate},
	Year = {2006}}

@article{esarey2012,
	Author = {Justin Esarey and Andrew Pierce},
	Date-Added = {2016-02-27 04:31:19 +0000},
	Date-Modified = {2016-02-27 04:35:14 +0000},
	Journal = {Political Analysis},
	Number = {4},
	Pages = {480--500},
	Title = {Assessing Fit Quality and Testing for Misspecification in Binary-Dependent Variable Models},
	Volume = {20},
	Year = {2012}}

@article{greenhill2011,
	Author = {Brian Greenhill and Michael D. Ward and Audrey Sacks},
	Date-Added = {2016-02-27 04:12:59 +0000},
	Date-Modified = {2016-02-27 04:37:13 +0000},
	Journal = {American Journal of Political Science},
	Month = {October},
	Number = {4},
	Pages = {991--1002},
	Publisher = {Midwest Political Science Association},
	Title = {The Separation Plot: A New Visual Method for Evaluating the Fit of Binary Models},
	Volume = {55},
	Year = {2011}}

@book{cressie2011,
	Author = {Cressie, Noel and Wikle, Cristopher K.},
	Date-Added = {2015-12-16 06:06:52 +0000},
	Date-Modified = {2015-12-16 06:10:26 +0000},
	Publisher = {John Wiley \& Sons},
	Title = {Statistics for Spatio-Temporal Data},
	Year = {2011}}

@book{gelman,
	Address = {The Edinburgh Building, Cambridge CB2 8RU, UK},
	Author = {Gelman, Andrew and Hill, Jennifer},
	Date-Added = {2015-12-16 06:00:01 +0000},
	Date-Modified = {2015-12-16 06:06:39 +0000},
	Publisher = {Cambridge University Press, New York},
	Title = {Data Analysis Using Regression and Multilevel/Hierarchical Models},
	Year = {2006}}

@article{mackaronis2013,
	Author = {Mackaronis, Julia E. and Strassberg, Donald S. and Cundiff, Jeanne M. and Cann, Deanna J.},
	Date-Added = {2015-12-16 05:52:02 +0000},
	Date-Modified = {2015-12-16 06:18:56 +0000},
	Journal = {Archives of Sexual Behavior},
	Month = {October},
	Title = {Beholder and Beheld: A Multilevel Model of Perceived Sexual Appeal},
	Year = {2013}}
